@article{awobuluyi201626,
  title={Why {We} {Should} {Develop} {Nigerian} {Languages}},
  author={Awobuluyi, \d{O}l{\'a}d{\'e}l{\'e}},
  journal={Issues in Contemporary African Linguistics: A Festschrift for Oladele Awobuluyi},
  volume={11},
  pages={347},
  year={2016},
  publisher={M \& J Grand Orbit Communications}
}

@article{odojelanguage,
author = {Odoje, Clement},
year = {2013},
month = {01},
title = {Language {Inequality}: {Machine} {Translation} as the {Bridging} {Bridge} for {African} languages}
}

@book{elugbe1989comparative,
  title={Comparative Edoid: phonology and lexicon},
  author={Elugbe, Ben Ohi\d{o}mamh\d{e}},
  year={1989},
  publisher={University of Port Harcourt Press}
}

@incollection{NIPS2017_7181,
title = {Attention is {All} you {Need}},
author = {Vaswani, Ashish and Shazeer, Noam and Parmar, Niki and Uszkoreit, Jakob and Jones, Llion and Gomez, Aidan N and Kaiser, {\L}ukasz and Polosukhin, Illia},
booktitle = {Advances in Neural Information Processing Systems 30},
editor = {I. Guyon and U. V. Luxburg and S. Bengio and H. Wallach and R. Fergus and S. Vishwanathan and R. Garnett},
pages = {5998--6008},
year = {2017},
publisher = {Curran Associates, Inc.},
url = {http://papers.nips.cc/paper/7181-attention-is-all-you-need.pdf}
}

@article{focus_southafrica,
  author    = {Laura Martinus and
               Jade Z. Abbott},
  title     = {A {Focus} on {Neural} {Machine} {Translation} for {African} {Languages}},
  journal   = {CoRR},
  volume    = {abs/1906.05685},
  year      = {2019},
  url       = {http://arxiv.org/abs/1906.05685},
  archivePrefix = {arXiv},
  eprint    = {1906.05685},
  timestamp = {Mon, 24 Jun 2019 17:28:45 +0200},
  biburl    = {https://dblp.org/rec/bib/journals/corr/abs-1906-05685},
  bibsource = {dblp computer science bibliography, https://dblp.org}
}