@electronic{yoruba_language,
  author        = "Wikipedia",
  title         = "Yoruba language, Wikipedia",
  url           = "https://en.wikipedia.org/wiki/Yoruba\_language",
  month         = June,
  year          = "2004"}

@book{delano1969dictionary,
  title={A dictionary of {Yor{\`u}b{\'a}} monosyllabic verbs},
  author={Delano, Isaac O},
  volume={1},
  year={1969},
  publisher={Institute of African Studies, University of Ife}
}

@inproceedings{simard1998automatic,
  title={Automatic insertion of accents in {French} text},
  author={Simard, Michel},
  booktitle={Proceedings of the Third Conference on Empirical Methods for Natural Language Processing},
  pages={27--35},
  year={1998}
}

@inproceedings{adegbola2012quantifying,
  title={Quantifying the effect of corpus size on the quality of automatic diacritization of {Yor{\`u}b{\'a}} texts},
  author={Adegbola, Tunde and Odilinye, Lydia Uchechukwu},
  booktitle={Spoken Language Technologies for Under-Resourced Languages},
  pages={48--53},
  year={2012}}

@inproceedings{niekerk2012tone,
  title={Tone realisation in a {Yor{\`u}b{\'a}} speech recognition corpus},
  author={Niekerk, Daniel R van and Barnard, Etienne},
  booktitle={Proceedings of the 3rd International Workshop on Spoken Language Technologies for Under-Resourced Languages},
  pages={54--59},
  address = {Cape Town, South Africa},
  year={2012}
}

@inproceedings{cocks2011word,
  title={A word-based approach for diacritic restoration in {M{\=a}ori}},
  author={Cocks, John and Keegan, Te Taka},
  booktitle={Proceedings of the Australasian Language Technology Association Workshop 2011},
  pages={126--130},
  year={2011}}
  
@inproceedings{mihalcea2002letter,
  title={Letter level learning for language independent diacritics restoration},
  author={Mihalcea, Rada and Nastase, Vivi},
  booktitle={Proceedings of the 6th conference on Natural language learning-Volume 20},
  pages={1--7},
  year={2002},
  organization={Association for Computational Linguistics}}
  
@inproceedings{novak2015automatic,
  title={Automatic diacritics restoration for {Hungarian}},
  author={Nov{\'a}k, Attila and Sikl{\'o}si, Borb{\'a}la},
  year={2015},
  pages={2286--2291},
  booktitle={Proceedings of the 2015 Conference on Empirical Methods in Natural Language Processing}}
  
@inproceedings{ezeani2016automatic,
  title={Automatic Restoration of Diacritics for {Igbo} Language},
  author={Ezeani, Ignatius and Hepple, Mark and Onyenwe, Ikechukwu},
  booktitle={International Conference on Text, Speech, and Dialogue},
  pages={198--205},
  year={2016},
  organization={Springer}}

@inproceedings{raza2010automatic,
  title={Automatic diacritization for {Urdu}},
  author={Raza, Abbas and Hussain, Sarmad},
  booktitle={Proceedings of the Conference on Language and Technology},
  pages={105--111},
  year={2010}}
  
@electronic{bebeli,
  author        = "Biblica",
  title         = "B{\'i}b{\'e}l{\`i} M{\'i}m\d{\'o} n{\'i} {\`E}d{\`e} Yor{\`u}b{\'a} {\`O}de {\`O}n{\'i}",
  url           = "https://www.bible.com/bible/911/GEN.1.BMY",
  month         = April,
  year          = "2016"}

@electronic{oluseye2003yoruba,
  author        = "Oluseye, Adesola",
  title         = "{Yor{\`u}b{\'a}}: A Grammar Sketch: Version 1.0",
  url           = "https://www.bible.com/bible/911/GEN.1.BMY",
  year          = "2003"}

@article{asahiah2017restoring,
  title={Restoring tone-marks in standard {Yor{\`u}b{\'a}} electronic text: improved model},
  author={Asahiah, Franklin Oladiipo and Odejobi, Odetunji Ajadi and Adagunodo, Emmanuel Rotimi},
  journal={Computer Science},
  volume={18},
  number={3},
  pages = {301--315},
  issn = {2300-7036},
  url = {https://journals.agh.edu.pl/csci/article/view/2128},
  year={2017}}

@article{arslan2016deasciification,
  title={DeASCIIfication approach to handle diacritics in {Turkish} information retrieval},
  author={Arslan, Ahmet},
  journal={Information Processing \& Management},
  volume={52},
  number={2},
  pages={326--339},
  year={2016},
  publisher={Elsevier}}

@article{asubiaro2014effects,
  title={Effects of Diacritics on Web Search Engines},
  author={Asubiaro, Toluwase Victor},
  journal={Journal of Library and Information Sciences},
  volume={12},
  number={1},
  pages={1--19},
  year={2014},
  publisher={Department of Library and Information Science, National Taiwan University}}

@inproceedings{tursun2017noisy,
  title={Noisy {Uyghur} Text Normalization},
  author={Tursun, Osman and Cakici, Ruket},
  booktitle={Proceedings of the 3rd Workshop on Noisy User-generated Text},
  pages={85--93},
  year={2017}}
    
@article{scannell2011statistical,
  title={Statistical unicodification of {African} languages},
  author={Scannell, Kevin P},
  journal={Language resources and evaluation},
  volume={45},
  number={3},
  pages={375},
  year={2011},
  publisher={Springer}}
  
@article{wells2000orthographic,
  title={Orthographic diacritics and multilingual computing},
  author={Wells, JC},
  journal={Language problems and language planning},
  volume={24},
  number={3},
  pages={249--272},
  year={2000},
  publisher={John Benjamins Publishing Company}}
  
@article{pham2017use,
  title={On the Use of Machine Translation-Based Approaches for {Vietnamese} Diacritic Restoration},
  author={Pham, Thai-Hoang and Pham, Xuan-Khoai and Le-Hong, Phuong},
  journal={arXiv preprint arXiv:1709.07104},
  year={2017}}
  
@article{vaswani2017attention,
  title={Attention Is All You Need},
  author={Vaswani, Ashish and Shazeer, Noam and Parmar, Niki and Uszkoreit, Jakob and Jones, Llion and Gomez, Aidan N and Kaiser, Lukasz and Polosukhin, Illia},
  journal={arXiv preprint arXiv:1706.03762},
  year={2017}}
    
@article{tufics2008diac+,
  title={DIAC+: A professional diacritics recovering system},
  author={Tufi{\c{s}}, Dan and Ceau{\c{s}}u, Alexandru},
  journal={Proceedings of LREC 2008},
  pages={167--174},
  year={2008}}
  
@article{akinlabi2004sound,
  title={The sound system of {Yor{\`u}b{\'a}}},
  author={Akinlabi, Akinbiyi},
  journal={Lawal, N. Sadisu, MNO \& Dopamu, A (Eds.) Understanding Yoruba life and culture. Trento: Africa World Press Inc},
  pages={453--468},
  year={2004}}
  
@article{khorsheed2012hmm,
  title={A HMM-based system to diacritize {Arabic} text},
  author={Khorsheed, MS},
  journal={Journal of Software Engineering and Applications},
  volume={5},
  pages={124},
  year={2012},
  publisher={Scientific Research Publishing}}
  
@inproceedings{belinkov2015arabic,
  title={{Arabic} Diacritization with Recurrent Neural Networks.},
  author={Belinkov, Yonatan and Glass, James R},
  booktitle={EMNLP},
  pages={2281--2285},
  year={2015}}
  
@inproceedings{de2007automatic,
  title={Automatic diacritic restoration for resource-scarce languages},
  author={De Pauw, Guy and Wagacha, Peter W and De Schryver, Gilles-Maurice},
  booktitle={International Conference on Text, Speech and Dialogue},
  pages={170--179},
  year={2007},
  organization={Springer}} 
  
@inproceedings{do2013machine,
  title={Machine Translation Approach for {Vietnamese} Diacritic Restoration},
  author={Do, Thi Ngoc Diep and Nguyen, Duy Binh and Mac, Dang Khoa and Tran, Do Dat},
  booktitle={Asian Language Processing (IALP), 2013 International Conference on},
  pages={103--106},
  year={2013},
  organization={IEEE}}  
  
@inproceedings{nelken2005arabic,
  title={{Arabic} diacritization using weighted finite-state transducers},
  author={Nelken, Rani and Shieber, Stuart M},
  booktitle={Proceedings of the ACL Workshop on Computational Approaches to Semitic Languages},
  pages={79--86},
  year={2005},
  organization={Association for Computational Linguistics}}
  
@inproceedings{schlippe2008diacritization,
  title={Diacritization as a machine translation problem and as a sequence labeling problem},
  author={Schlippe, Tim and Nguyen, T and Vogel, Stephan},
  booktitle={AMTA-2008. MT at work: In Proceedings of the Eighth Conference of the Association for Machine Translation in the Americas},
  pages={270--278},
  year={2008}}
  
@inproceedings{luu2012pointwise,
  title={A pointwise approach for {Vietnamese} diacritics restoration},
  author={Luu, Tuan Anh and Yamamoto, Kazuhide},
  booktitle={Asian Language Processing (IALP), 2012 International Conference on},
  pages={189--192},
  year={2012},
  organization={IEEE}}
  
@inproceedings{sutskever2014sequence,
  title={Sequence to sequence learning with neural networks},
  author={Sutskever, Ilya and Vinyals, Oriol and Le, Quoc V},
  booktitle={Advances in neural information processing systems},
  pages={3104--3112},
  year={2014}}
  
@article{gehring2017convolutional,
  title={Convolutional sequence to sequence learning},
  author={Gehring, Jonas and Auli, Michael and Grangier, David and Yarats, Denis and Dauphin, Yann N},
  journal={arXiv preprint arXiv:1705.03122},
  year={2017}}
  
@article{bahdanau2014neural,
  title={Neural machine translation by jointly learning to align and translate},
  author={Bahdanau, Dzmitry and Cho, Kyunghyun and Bengio, Yoshua},
  journal={arXiv preprint arXiv:1409.0473},
  year={2014}}
  
@article{cho2014learning,
  title={Learning phrase representations using RNN encoder-decoder for statistical machine translation},
  author={Cho, Kyunghyun and Van Merri{\"e}nboer, Bart and Gulcehre, Caglar and Bahdanau, Dzmitry and Bougares, Fethi and Schwenk, Holger and Bengio, Yoshua},
  journal={arXiv preprint arXiv:1406.1078},
  year={2014}}

@article{luong2015effective,
  title={Effective approaches to attention-based neural machine translation},
  author={Luong, Minh-Thang and Pham, Hieu and Manning, Christopher D},
  journal={arXiv preprint arXiv:1508.04025},
  year={2015}}
  
@article{britz2017massive,
  title={Massive exploration of neural machine translation architectures},
  author={Britz, Denny and Goldie, Anna and Luong, Thang and Le, Quoc},
  journal={arXiv preprint arXiv:1703.03906},
  year={2017}}
  
@inproceedings{opennmt,
  author    = {Guillaume Klein and
               Yoon Kim and
               Yuntian Deng and
               Jean Senellart and
               Alexander M. Rush},
  title     = {OpenNMT: Open-Source Toolkit for Neural Machine Translation},
  booktitle = {Proc. ACL},
  year      = {2017},
  url       = {https://doi.org/10.18653/v1/P17-4012},
  doi       = {10.18653/v1/P17-4012}}

@inproceedings{stolcke2002srilm,
  title={SRILM-an extensible language modeling toolkit},
  author={Stolcke, Andreas},
  booktitle={Seventh international conference on spoken language processing},
  year={2002}}
  
@article{bojanowski2017enriching,
  title={Enriching Word Vectors with Subword Information},
  author={Bojanowski, Piotr and Grave, Edouard and Joulin, Armand and Mikolov, Tomas},
  journal={Transactions of the Association for Computational Linguistics},
  volume={5},
  year={2017},
  issn={2307-387X},
  pages={135--146}}